<?xml version="1.0" encoding="UTF-8"?><collection xmlns="http://www.loc.gov/MARC21/slim"><record><leader>00471nam--2200181-u-4500</leader><controlfield tag="001">000051720</controlfield><controlfield tag="002">20161230</controlfield><controlfield tag="005">20161230201049</controlfield><controlfield tag="008">080916s1000------------r-----000-0-eng-d</controlfield><datafield ind1=" " ind2=" " tag="040"><subfield code="a">IFIN-HH</subfield></datafield><datafield ind1=" " ind2=" " tag="080"><subfield code="a">513.611.6</subfield></datafield><datafield ind1="1" ind2=" " tag="100"><subfield code="a">Garsoux,J</subfield></datafield><datafield ind1="1" ind2="0" tag="245"><subfield code="a">Les Systemes Lineaire. Analyse Frequentielle</subfield></datafield><datafield ind1=" " ind2=" " tag="260"><subfield code="a">Paris</subfield><subfield code="b">Dunod</subfield><subfield code="c">1961</subfield></datafield><datafield ind1=" " ind2=" " tag="300"><subfield code="a">346 p</subfield></datafield><datafield ind1=" " ind2=" " tag="490"><subfield code="a">Collection de Mathematique Apliquees</subfield><subfield code="v">Tom.1</subfield></datafield><datafield ind1=" " ind2=" " tag="852"><subfield code="a">17517</subfield><subfield code="c">517.63</subfield></datafield><datafield ind1=" " ind2=" " tag="CAT"><subfield code="a">Sys</subfield><subfield code="c">20080916</subfield><subfield code="h">082311</subfield></datafield></record></collection>